@article{Kugler2022,
  title = {Improved Estimator for Numerical Renormalization Group Calculations of the Self-Energy},
  author = {Kugler, Fabian B.},
  date = {2022-06-23},
  journaltitle = {Phys. Rev. B},
  volume = {105},
  number = {24},
  pages = {245132},
  publisher = {American Physical Society},
  doi = {10.1103/PhysRevB.105.245132},
  url = {https://link.aps.org/doi/10.1103/PhysRevB.105.245132},
  keywords = {self-energy}
}

@article{Lu2014,
  title = {Efficient Real-Frequency Solver for Dynamical Mean-Field Theory},
  author = {Lu, Y. and HÃ¶ppner, M. and Gunnarsson, O. and Haverkort, M. W.},
  date = {2014-08-05},
  journaltitle = {Phys. Rev. B},
  volume = {90},
  number = {8},
  pages = {085102},
  publisher = {American Physical Society},
  doi = {10.1103/PhysRevB.90.085102},
  url = {https://link.aps.org/doi/10.1103/PhysRevB.90.085102}
}

@article{Lu2019,
  title = {Natural-Orbital Impurity Solver and Projection Approach for {{Green}}'s Functions},
  author = {Lu, Y. and Cao, X. and Hansmann, P. and Haverkort, M. W.},
  date = {2019-09-16},
  journaltitle = {Phys. Rev. B},
  volume = {100},
  number = {11},
  pages = {115134},
  publisher = {American Physical Society},
  doi = {10.1103/PhysRevB.100.115134},
  url = {https://link.aps.org/doi/10.1103/PhysRevB.100.115134}
}
